@misc{sf,
    author    = "Stephan Fischli",
    title     = "Spring Applications",
    url       = "http://www.sws.bfh.ch/~fischli/courses/info/spring/"
}

@misc{wiki-posgres,
    author    = "wikipedia.org",
    title     ="PostgreSQL wikipedia",
    url       = "https://en.wikipedia.org/wiki/PostgreSQL"
}
%
@misc{5reason,
    author    = "iqonic.design",
    title     ="5 reasongs why you should use angular for your next dev-project",
    url       = "http://iqonic.design/5-reasons-why-you-should-use-angular-for-your-next-dev-project/"
}
@misc{spring-docs,
    author    = "spring.io",
    title     ="Spring Boot Reference Documentation",
    url       = "https://docs.spring.io/spring-boot/docs/current-SNAPSHOT/reference/htmlsingle/"
}

@misc{sed,
  title={ Software Engineering and Design,},
  author={Olivier Biberstein and Eric Dubuis},
  year={2018},
  
}

@misc{spring-tut,
    author    = "spring.io",
    title     ="Building a RESTful Web Services ",
    url       = "https://spring.io/guides"
}

